@book{bredon_1997, 
  title={Sheaf theory}, 
  publisher={Springer}, 
  author={Bredon, Glen E.}, 
  year={1997}
  }

@book{hartshorne_1977, 
  place={New York}, 
  title={Algebraic geometry}, 
  publisher={Springer}, 
  author={Hartshorne, Robin}, 
  year={1977}
}

@misc{ wiki_Sheaf,
  author = "{Wikipedia contributors}",
  title = "Sheaf (mathematics)",
  year = "2021",
  url = "https://en.wikipedia.org/wiki/Sheaf_(mathematics)",
  note = "[Online; accessed 8-April-2021]"
}

@misc{ wiki_Sheaf_Cohomology,
  author = "{Wikipedia contributors}",
  title = "Sheaf cohomology",
  year = "2021",
  url = "https://en.wikipedia.org/wiki/Sheaf_cohomology",
  note = "[Online; accessed 8-April-2021]"
}

@misc{derived_functor,
  author = "{Wikipedia contributors}",
  title = "Derived Functor",
  year = "2021",
  url = "https://en.wikipedia.org/wiki/Derived_functor",
  note = "[Online; accessed 8-April-2021]"
}

@misc{direct_limit,
  author = "{Wikipedia contributors}",
  title = "Direct limit",
  year = "2021",
  url = "https://en.wikipedia.org/wiki/Direct_limit",
  note = "[Online; accessed 8-April-2021]"
}

@article{cuboulder,
   author={Mike, Ryan},
   title={An Introduction to Sheaf Cohomology in
   Algebraic Geometry},
   year=2020,
}